34100000      080237524554000106                    00070400000009840344MEDICALS                      ITAU UNIBANCO                           22911202502303200000108000000                                                                     
34100011C2045040 237524554000106                    00070400000009840344MEDICALS                                                                                            01156               SERRA               29166828ES                  
3410001300001A00000900000000 000000000000 0RMEDINA LTDA                                      28112025BRL000000000400000000000000565000303974855225726     28112025000000000565000                    00000059454179000108             RJNR      
3410001300001B02 259454179000108                                                                                               59454179000108                                                                                                   
3410001300002A00000900000000 000000000000 0EDUARDA DEMONER PASETO SERVICO                    28112025BRL000000000400000000000001000000303974855225727     28112025000000001000000                    00000058498963000147             RJNR      
3410001300002B02 258498963000147                                                                                               58498963000147                                                                                                   
3410001300003A00000900000000 000000000000 0GABRIELLY GONCALVES RODRIGUES                     28112025BRL000000000400000000000001550001303974855225728     28112025000000001550001                    00000061031089000148             00        
3410001300003B02 261031089000148                                                                                               61031089000148                                                                                                   
3410001300004A00000900000000 000000000000 0PLUSLIFE  SERVICOS MEDICOS LTD                    28112025BRL000000000400000000000000112620303974855225729     28112025000000000112620                    00000031001243000178             00        
3410001300004B02 231001243000178                                                                                               31001243000178                                                                                                   
3410001300005A00000900000000 000000000000 0CAROLINE B GOMES  LTDA                            28112025BRL000000000400000000000000100000303974855225730     28112025000000000100000                    00000055700079000155             RJNR      
3410001300005B02 255700079000155                                                                                               55700079000155                                                                                                   
3410001300006A00000900000000 000000000000 0GABRIEL GONCALVES GUIMARAES  L                    28112025BRL000000000400000000000000400000303974855225731     28112025000000000400000                    00000052872269000161             00        
3410001300006B02 252872269000161                                                                                               52872269000161                                                                                                   
3410001300007A00000900000000 000000000000 0PH DUARTE SERVICOS MEDICOS LTD                    28112025BRL000000000400000000000000350000303974855225732     28112025000000000350000                    00000046435083000142             00        
3410001300007B02 246435083000142                                                                                               46435083000142                                                                                                   
3410001300008A00000900000000 000000000000 0ACV TEIXEIRA SERVICOS MEDICOS                     28112025BRL000000000400000000000000250000303974855225733     28112025000000000250000                    00000061793813000170             00        
3410001300008B02 261793813000170                                                                                               61793813000170                                                                                                   
3410001300009A00000900000000 000000000000 0SOLMED LTDA                                       28112025BRL000000000400000000000000050000303974855225735     28112025000000000050000                    00000061671170000192             00        
3410001300009B02 261671170000192                                                                                               61671170000192                                                                                                   
3410001300010A00000900000000 000000000000 0JG MED SERVICOS MEDICOS LTDA                      28112025BRL000000000400000000000000200000303974855225736     28112025000000000200000                    00000057930160000157             RJNR      
3410001300010B02 257930160000157                                                                                               57930160000157                                                                                                   
3410001300011A00000900000000 000000000000 0ALANA SILVA BATISTA SERVICOS M                    28112025BRL000000000400000000000000900000303974855225737     28112025000000000900000                    00000048625270000114             RJNR      
3410001300011B02 248625270000114                                                                                               48625270000114                                                                                                   
3410001300012A00000900000000 000000000000 0SCHNEIDER DE MARTIN SERVICOS M                    28112025BRL000000000400000000000000050000303974855225738     28112025000000000050000                    00000061364787000165             00        
3410001300012B02 261364787000165                                                                                               61364787000165                                                                                                   
3410001300013A00000900000000 000000000000 0G E A DE CASTRO SERVICOS MEDIC                    28112025BRL000000000400000000000002245000303974855225739     28112025000000002245000                    00000059520002000154             00        
3410001300013B02 259520002000154                                                                                               59520002000154                                                                                                   
3410001300014A00000900000000 000000000000 0LBASSETI SERVICOS MEDICOS LTDA                    28112025BRL000000000400000000000001862500303974855225740     28112025000000001862500                    00000061694878000169             RJNR      
3410001300014B02 261694878000169                                                                                               61694878000169                                                                                                   
3410001300015A00000900000000 000000000000 0DRA MICHELLE RODRIGUES FASSARE                    28112025BRL000000000400000000000000500000303974855225742     28112025000000000500000                    00000061427154000159             00        
3410001300015B02 261427154000159                                                                                               61427154000159                                                                                                   
3410001300016A00000900000000 000000000000 0VIX SOLUCOES EM SAUDE LTDA                        28112025BRL000000000400000000000000716668303974855225743     28112025000000000716668                    00000036129508000131             RJNR      
3410001300016B02 236129508000131                                                                                               36129508000131                                                                                                   
3410001300017A00000900000000 000000000000 0LIZA VALIM DE MELLO SERVICOS M                    28112025BRL000000000400000000000000200000303974855225744     28112025000000000200000                    00000057932081000185             RJNR      
3410001300017B02 257932081000185                                                                                               57932081000185                                                                                                   
3410001300018A00000900000000 000000000000 0BARBOSA EMPRESA MEDICA E GESTA                    28112025BRL000000000400000000000000100000303974855225745     28112025000000000100000                    00000053151834000164             RJNR      
3410001300018B02 253151834000164                                                                                               53151834000164                                                                                                   
3410001300019A00000900000000 000000000000 0GRAIN SOLUCOES EM SAUDE LTDA                      28112025BRL000000000400000000000001248000303974855225746     28112025000000001248000                    00000053058422000184             00        
3410001300019B02 253058422000184                                                                                               53058422000184                                                                                                   
3410001300020A00000900000000 000000000000 0G N S S SERVICOS MEDICOS LTDA                     28112025BRL000000000400000000000000150000303974855225747     28112025000000000150000                    00000055542486000181             00        
3410001300020B02 255542486000181                                                                                               55542486000181                                                                                                   
3410001300021A00000900000000 000000000000 0PCJM SERVICOS MEDICOS LTDA                        28112025BRL000000000400000000000002200000303974855225748     28112025000000002200000                    00000059809561000189             RJNR      
3410001300021B02 259809561000189                                                                                               59809561000189                                                                                                   
3410001300022A00000900000000 000000000000 0MAYWORM MEDICALS LTDA                             28112025BRL000000000400000000000000200000303974855225749     28112025000000000200000                    00000055510704000104             00        
3410001300022B02 255510704000104                                                                                               55510704000104                                                                                                   
3410001300023A00000900000000 000000000000 0ALBS SERVICOS EM SAUDE LTDA                       28112025BRL000000000400000000000001420833303974855225750     28112025000000001420833                    00000046349420000189             RJNR      
3410001300023B02 246349420000189                                                                                               46349420000189                                                                                                   
3410001300024A00000900000000 000000000000 0IGOR BARROSO RANGEL  LTDA                         28112025BRL000000000400000000000000500000303974855225751     28112025000000000500000                    00000055704569000120             RJNR      
3410001300024B02 255704569000120                                                                                               55704569000120                                                                                                   
3410001300025A00000900000000 000000000000 0GUSTAVO MAFFIOLETTI DALCUMUNE                     28112025BRL000000000400000000000000500000303974855225754     28112025000000000500000                    00000057801282000143             RJNR      
3410001300025B02 257801282000143                                                                                               57801282000143                                                                                                   
3410001300026A00000900000000 000000000000 0SCOPEL SERVICOS MEDICOS LTDA                      28112025BRL000000000400000000000000384000303974855225755     28112025000000000384000                    00000055384103000194             00        
3410001300026B02 255384103000194                                                                                               55384103000194                                                                                                   
3410001300027A00000900000000 000000000000 0LARISSE BASTOS SERVICOS MEDICO                    28112025BRL000000000400000000000001000000303974855225756     28112025000000001000000                    00000059931572000137             RJNR      
3410001300027B02 259931572000137                                                                                               59931572000137                                                                                                   
3410001300028A00000900000000 000000000000 0JULIA POMAROLI SERVICOS MEDICO                    28112025BRL000000000400000000000000620000303974855225757     28112025000000000620000                    00000058227728000130             00        
3410001300028B02 258227728000130                                                                                               58227728000130                                                                                                   
3410001300029A00000900000000 000000000000 0MATHEUS COSTA ESPERIDON SERVIC                    28112025BRL000000000400000000000000925000303974855225759     28112025000000000925000                    00000058052669000107             00        
3410001300029B02 258052669000107                                                                                               58052669000107                                                                                                   
3410001300030A00000900000000 000000000000 0MATHEUS NOVELLI SERVIAOS MADIC                    28112025BRL000000000400000000000000420000303974855225760     28112025000000000420000                    00000058435932000147             RJNR      
3410001300030B02 258435932000147                                                                                               58435932000147                                                                                                   
3410001300031A00000900000000 000000000000 0M P L DA SILVA SERVICOS MEDICO                    28112025BRL000000000400000000000000400000303974855225761     28112025000000000400000                    00000059381355000110             00        
3410001300031B02 259381355000110                                                                                               59381355000110                                                                                                   
3410001300032A00000900000000 000000000000 0DORNELAS SERVICOS MEDICOS LTDA                    28112025BRL000000000400000000000000130000303974855225762     28112025000000000130000                    00000044667031000176             00        
3410001300032B02 244667031000176                                                                                               44667031000176                                                                                                   
3410001300033A00000900000000 000000000000 0JOAO GABRIEL SIQUEIRA MENDES S                    28112025BRL000000000400000000000000341667303974855225764     28112025000000000341667                    00000058549192000170             00        
3410001300033B02 258549192000170                                                                                               58549192000170                                                                                                   
34100015         000068000000000021591289000000000000000000                                                                                                                                                                                     
34199999         000001000070000000                                                                                                                                                                                                             
